<?xml version="1.0" encoding="UTF-8"?>
  <record xmlns="http://www.loc.gov/MARC21/slim" type="Authority">
    <leader>00000nz  a2200000oc 4500</leader>
    <controlfield tag="001">119773503</controlfield>
    <controlfield tag="003">DE-101</controlfield>
    <controlfield tag="005">20190605003223.0</controlfield>
    <controlfield tag="008">060317n||aznnnaabn           | aaa    |c</controlfield>
    <datafield tag="024" ind1="7" ind2=" ">
      <subfield code="a">119773503</subfield>
      <subfield code="0">http://d-nb.info/gnd/119773503</subfield>
      <subfield code="2">gnd</subfield>
    </datafield>
    <datafield tag="035" ind1=" " ind2=" ">
      <subfield code="a">(DE-101)119773503</subfield>
    </datafield>
    <datafield tag="035" ind1=" " ind2=" ">
      <subfield code="a">(DE-588)119773503</subfield>
    </datafield>
    <datafield tag="035" ind1=" " ind2=" ">
      <subfield code="z">(DE-588)1122857799</subfield>
    </datafield>
    <datafield tag="035" ind1=" " ind2=" ">
      <subfield code="z">(DE-588a)119773503</subfield>
      <subfield code="9">v:zg</subfield>
    </datafield>
    <datafield tag="040" ind1=" " ind2=" ">
      <subfield code="a">DE-12</subfield>
      <subfield code="c">DE-12</subfield>
      <subfield code="9">r:DE-12</subfield>
      <subfield code="b">ger</subfield>
      <subfield code="d">9999</subfield>
    </datafield>
    <datafield tag="042" ind1=" " ind2=" ">
      <subfield code="a">gnd3</subfield>
    </datafield>
    <datafield tag="043" ind1=" " ind2=" ">
      <subfield code="c">XA-DE</subfield>
    </datafield>
    <datafield tag="075" ind1=" " ind2=" ">
      <subfield code="b">p</subfield>
      <subfield code="2">gndgen</subfield>
    </datafield>
    <datafield tag="075" ind1=" " ind2=" ">
      <subfield code="b">piz</subfield>
      <subfield code="2">gndspec</subfield>
    </datafield>
    <datafield tag="079" ind1=" " ind2=" ">
      <subfield code="a">g</subfield>
      <subfield code="q">a</subfield>
      <subfield code="q">f</subfield>
    </datafield>
    <datafield tag="100" ind1="1" ind2=" ">
      <subfield code="a">Neyffer, Johann Christoph</subfield>
      <subfield code="d">1582-1632</subfield>
    </datafield>
    <datafield tag="375" ind1=" " ind2=" ">
      <subfield code="a">1</subfield>
      <subfield code="2">iso5218</subfield>
    </datafield>
    <datafield tag="400" ind1="1" ind2=" ">
      <subfield code="a">Neyffer, J. Christoph</subfield>
      <subfield code="d">1582-1632</subfield>
    </datafield>
    <datafield tag="400" ind1="1" ind2=" ">
      <subfield code="a">Neyffer, J. Ch.</subfield>
      <subfield code="d">1582-1632</subfield>
    </datafield>
    <datafield tag="400" ind1="1" ind2=" ">
      <subfield code="a">Neyffer, Christoph</subfield>
      <subfield code="d">1582-1632</subfield>
    </datafield>
    <datafield tag="400" ind1="1" ind2=" ">
      <subfield code="a">Neyffer, Johannes Christoph</subfield>
      <subfield code="d">1582-1632</subfield>
    </datafield>
    <datafield tag="400" ind1="1" ind2=" ">
      <subfield code="a">Neyffer, Johann Ch.</subfield>
      <subfield code="d">1582-1632</subfield>
    </datafield>
    <datafield tag="400" ind1="1" ind2=" ">
      <subfield code="a">Neyffer, Io. Chrystoff</subfield>
      <subfield code="d">1582-1632</subfield>
    </datafield>
    <datafield tag="400" ind1="1" ind2=" ">
      <subfield code="a">Neyffer, Jo. Chrystoff</subfield>
      <subfield code="d">1582-1632</subfield>
    </datafield>
    <datafield tag="400" ind1="1" ind2=" ">
      <subfield code="a">Neyffer, Ioannes Chrystoff</subfield>
      <subfield code="d">1582-1632</subfield>
    </datafield>
    <datafield tag="400" ind1="1" ind2=" ">
      <subfield code="a">Neyffer, Joannes Chrystoff</subfield>
      <subfield code="d">1582-1632</subfield>
    </datafield>
    <datafield tag="400" ind1="1" ind2=" ">
      <subfield code="a">Neyffer, Johannes Chrystof</subfield>
      <subfield code="d">1582-1632</subfield>
    </datafield>
    <datafield tag="400" ind1="1" ind2=" ">
      <subfield code="a">Neyffer, Johann Christof</subfield>
      <subfield code="d">1582-1632</subfield>
    </datafield>
    <datafield tag="400" ind1="1" ind2=" ">
      <subfield code="a">Neuffer, Johann Christoph</subfield>
      <subfield code="d">1582-1632</subfield>
    </datafield>
    <datafield tag="500" ind1="1" ind2=" ">
      <subfield code="0">(DE-101)1127011170</subfield>
      <subfield code="0">(DE-588)1127011170</subfield>
      <subfield code="0">https://d-nb.info/gnd/1127011170</subfield>
      <subfield code="a">Ditzinger, Ludwig</subfield>
      <subfield code="d">ca. 16/17. Jh.</subfield>
      <subfield code="4">bezb</subfield>
      <subfield code="4">https://d-nb.info/standards/elementset/gnd#professionalRelationship</subfield>
      <subfield code="w">r</subfield>
      <subfield code="i">Beziehung beruflich</subfield>
      <subfield code="e">Beziehung beruflich</subfield>
    </datafield>
    <datafield tag="548" ind1=" " ind2=" ">
      <subfield code="a">1582-1632</subfield>
      <subfield code="4">datl</subfield>
      <subfield code="4">https://d-nb.info/standards/elementset/gnd#dateOfBirthAndDeath</subfield>
      <subfield code="w">r</subfield>
      <subfield code="i">Lebensdaten</subfield>
    </datafield>
    <datafield tag="550" ind1=" " ind2=" ">
      <subfield code="0">(DE-101)040372154</subfield>
      <subfield code="0">(DE-588)4037215-7</subfield>
      <subfield code="0">https://d-nb.info/gnd/4037215-7</subfield>
      <subfield code="a">Maler</subfield>
      <subfield code="4">berc</subfield>
      <subfield code="4">https://d-nb.info/standards/elementset/gnd#professionOrOccupation</subfield>
      <subfield code="w">r</subfield>
      <subfield code="i">Charakteristischer Beruf</subfield>
    </datafield>
    <datafield tag="550" ind1=" " ind2=" ">
      <subfield code="0">(DE-101)042003458</subfield>
      <subfield code="0">(DE-588)4200345-3</subfield>
      <subfield code="0">https://d-nb.info/gnd/4200345-3</subfield>
      <subfield code="a">Zeichner</subfield>
      <subfield code="4">beru</subfield>
      <subfield code="4">https://d-nb.info/standards/elementset/gnd#professionOrOccupation</subfield>
      <subfield code="w">r</subfield>
      <subfield code="i">Beruf</subfield>
    </datafield>
    <datafield tag="551" ind1=" " ind2=" ">
      <subfield code="0">(DE-101)040245748</subfield>
      <subfield code="0">(DE-588)4024574-3</subfield>
      <subfield code="0">https://d-nb.info/gnd/4024574-3</subfield>
      <subfield code="a">Herrenberg</subfield>
      <subfield code="4">ortg</subfield>
      <subfield code="4">https://d-nb.info/standards/elementset/gnd#placeOfBirth</subfield>
      <subfield code="w">r</subfield>
      <subfield code="i">Geburtsort</subfield>
    </datafield>
    <datafield tag="551" ind1=" " ind2=" ">
      <subfield code="0">(DE-101)040611477</subfield>
      <subfield code="0">(DE-588)4061147-4</subfield>
      <subfield code="0">https://d-nb.info/gnd/4061147-4</subfield>
      <subfield code="a">Tübingen</subfield>
      <subfield code="4">orts</subfield>
      <subfield code="4">https://d-nb.info/standards/elementset/gnd#placeOfDeath</subfield>
      <subfield code="w">r</subfield>
      <subfield code="i">Sterbeort</subfield>
    </datafield>
    <datafield tag="551" ind1=" " ind2=" ">
      <subfield code="0">(DE-101)040611477</subfield>
      <subfield code="0">(DE-588)4061147-4</subfield>
      <subfield code="0">https://d-nb.info/gnd/4061147-4</subfield>
      <subfield code="a">Tübingen</subfield>
      <subfield code="4">ortw</subfield>
      <subfield code="4">https://d-nb.info/standards/elementset/gnd#placeOfActivity</subfield>
      <subfield code="w">r</subfield>
      <subfield code="i">Wirkungsort</subfield>
    </datafield>
    <datafield tag="667" ind1=" " ind2=" ">
      <subfield code="a">7</subfield>
    </datafield>
    <datafield tag="667" ind1=" " ind2=" ">
      <subfield code="a">VD-16</subfield>
    </datafield>
    <datafield tag="670" ind1=" " ind2=" ">
      <subfield code="a">Wikipedia</subfield>
      <subfield code="u">https://de.wikipedia.org/wiki/Johann_Christoph_Neyffer</subfield>
    </datafield>
    <datafield tag="670" ind1=" " ind2=" ">
      <subfield code="a">AKL (erwähnt im Artikel über Ludwig Ditzinger GND)</subfield>
    </datafield>
    <datafield tag="672" ind1=" " ind2="0">
      <subfield code="a">JLLVSTRISSIMI WIRTEMBERGICI DVCALIS NOVI COLLEGII QVOD TVBINGAE quâ situm quâ studia quâ ...  1600.  (VD16 N 1416)</subfield>
    </datafield>
    <datafield tag="672" ind1=" " ind2="0">
      <subfield code="a">Illustrissimi Wirtembergici Ducalis novi collegii quod Tubingae qua situm, qua studia ... - s. a.</subfield>
    </datafield>
    <datafield tag="672" ind1=" " ind2="0">
      <subfield code="a">Jllustrissimi Wirtembergici Ducalis Novi Collegii quod Tubingae quâ situm quâ exercita Accurata delineatio. - 1606</subfield>
    </datafield>
    <datafield tag="678" ind1=" " ind2=" ">
      <subfield code="b">Württembergischer Maler und Zeichner „Collegiimaler“</subfield>
    </datafield>
    <datafield tag="913" ind1=" " ind2=" ">
      <subfield code="S">pnd</subfield>
      <subfield code="i">a</subfield>
      <subfield code="a">Neyffer, Johannes Christoph</subfield>
      <subfield code="0">(DE-588a)119773503</subfield>
    </datafield>
  </record>
